<record><leader>00000cas a22000007a 4500</leader><controlfield tag="001">38552310</controlfield><controlfield tag="008">980305d1903192uvauwr ne      0    0eng d</controlfield><datafield ind1=" " ind2=" " tag="010"><subfield code="a">sn 98068318 </subfield></datafield><datafield ind1=" " ind2=" " tag="040"><subfield code="a">NVK</subfield><subfield code="b">eng</subfield><subfield code="c">NVK</subfield><subfield code="d">OCL</subfield><subfield code="d">NVK</subfield><subfield code="d">OCLCQ</subfield><subfield code="d">NVK</subfield><subfield code="d">OCLCQ</subfield><subfield code="d">OCLCF</subfield><subfield code="d">OCLCO</subfield><subfield code="d">NVK</subfield></datafield><datafield ind1=" " ind2=" " tag="042"><subfield code="a">msc</subfield></datafield><datafield ind1=" " ind2=" " tag="043"><subfield code="a">n-us-va</subfield></datafield><datafield ind1="0" ind2="0" tag="245"><subfield code="a">Salem times-register and sentinel.</subfield></datafield><datafield ind1=" " ind2=" " tag="260"><subfield code="a">Salem, Va. :</subfield><subfield code="b">Salem Print. and Pub. Co.,</subfield><subfield code="c">1903-</subfield></datafield><datafield ind1=" " ind2=" " tag="300"><subfield code="a">v.</subfield></datafield><datafield ind1=" " ind2=" " tag="310"><subfield code="a">Weekly</subfield></datafield><datafield ind1="0" ind2=" " tag="362"><subfield code="a">Vol. 38, no. 25 (Nov. 19, 1903)-</subfield></datafield><datafield ind1="1" ind2=" " tag="362"><subfield code="a">Ceased in 1927?</subfield></datafield><datafield ind1=" " ind2=" " tag="500"><subfield code="a">"Democratic."</subfield></datafield><datafield ind1=" " ind2=" " tag="530"><subfield code="a">Available on microfilm from Bell &amp; Howell.</subfield></datafield><datafield ind1=" " ind2="0" tag="651"><subfield code="a">Salem (Va.)</subfield><subfield code="v">Newspapers.</subfield></datafield><datafield ind1=" " ind2="0" tag="651"><subfield code="a">Roanoke County (Va.)</subfield><subfield code="v">Newspapers.</subfield></datafield><datafield ind1=" " ind2="7" tag="651"><subfield code="a">Virginia</subfield><subfield code="z">Roanoke County.</subfield><subfield code="2">fast</subfield><subfield code="0">(OCoLC)fst01222306</subfield></datafield><datafield ind1=" " ind2="7" tag="651"><subfield code="a">Virginia</subfield><subfield code="z">Salem.</subfield><subfield code="2">fast</subfield><subfield code="0">(OCoLC)fst01221073</subfield></datafield><datafield ind1=" " ind2="7" tag="655"><subfield code="a">Newspapers.</subfield><subfield code="2">fast</subfield><subfield code="0">(OCoLC)fst01423814</subfield></datafield><datafield ind1=" " ind2=" " tag="752"><subfield code="a">United States</subfield><subfield code="b">Virginia</subfield><subfield code="d">Salem.</subfield></datafield><datafield ind1="0" ind2="4" tag="780"><subfield code="t">Salem times-register (Salem, Va. : 1883)</subfield><subfield code="w">(DLC)sn 98068306</subfield></datafield><datafield ind1="0" ind2="4" tag="780"><subfield code="t">Salem sentinel (Salem, Va.)</subfield><subfield code="w">(DLC)sn 95079269</subfield></datafield><datafield ind1="0" ind2="0" tag="785"><subfield code="t">Times-register and sentinel (Salem, Va.)</subfield><subfield code="w">(DLC)sn2007060632</subfield></datafield><datafield ind1="4" ind2="1" tag="856"><subfield code="u">www.virginiachronicle.com</subfield></datafield><datafield ind1="1" ind2=" " tag="029"><subfield code="a">AU@</subfield><subfield code="b">000013798252</subfield></datafield></record>